@book{putnam2000,
  title={Bowling Alone: The Collapse and Revival of American Community},
  author={Putnam, Robert D.},
  year={2000},
  publisher={Simon and Schuster}
}

@article{inglehart2018,
  title={Cultural Evolution: People's Motivations are Changing, and Reshaping the World},
  author={Inglehart, Ronald},
  year={2018},
  publisher={Cambridge University Press}
}

@book{norris2019,
  title={Cultural Backlash: Trump, Brexit, and Authoritarian Populism},
  author={Norris, Pippa and Inglehart, Ronald},
  year={2019},
  publisher={Cambridge University Press}
}

@article{diener1999,
  title={Subjective Well-being: Three Decades of Progress},
  author={Diener, Ed and Suh, Eunkook M. and Lucas, Richard E. and Smith, Heidi L.},
  journal={Psychological Bulletin},
  volume={125},
  number={2},
  pages={276--302},
  year={1999}
}

@book{haidt2012,
  title={The Righteous Mind: Why Good People are Divided by Politics and Religion},
  author={Haidt, Jonathan},
  year={2012},
  publisher={Pantheon Books}
}