@book{putnam2000,
  title={Bowling Alone: The Collapse and Revival of American Community},
  author={Putnam, Robert D.},
  year={2000},
  publisher={Simon and Schuster}
}

@book{mason2018,
  title={Uncivil Agreement: How Politics Became Our Identity},
  author={Mason, Lilliana},
  year={2018},
  publisher={University of Chicago Press}
}

@article{sherif1961,
  title={Intergroup Conflict and Cooperation: The Robbers Cave Experiment},
  author={Sherif, Muzafer and Harvey, O.J. and White, B. Jack and Hood, William R. and Sherif, Carolyn W.},
  year={1961},
  journal={Norman, OK: University of Oklahoma Book Exchange}
}
